@Article{Ashburner:2000,
  author = {Ashburner and others},
  title = {Gene ontology: tool for the unification of biology},
  year = {2000},
  journal = {Nature genetics},
  volume = {25},
  number = {1},
  pages = {25--29},
  doi = {10.1038/75556},
}

@Article{Benjamini:1995,
  author = {Benjamini, Y. and Hochberg, Y.},
  title = {Controlling the false discovery rate: a practical and powerful approach to multiple testing},
  year = {1995},
  journal = {Journal of the Royal Statistical Society Series B},
  volume = {57},
  number = {1},
  pages = {289--300},
  doi = {10.2307/2346101},
}

@Article{HuangDW:2009,
  author = {Huang, DW. and others},
  title = {Bioinformatics enrichment tools: paths toward the comprehensive functional analysis of large gene lists},
  year = {2009},
  journal = {Nucleic acids research},
  volume = {37},
  number = {1},
  pages = {1--13},
  doi = {10.1093/nar/gkn923},
}

@Manual{R,
  title = {\proglang{R}: {A} Language and Environment for Statistical Computing},
  author = {{\proglang{R} Core Team}},
  organization = {\proglang{R} Foundation for Statistical Computing},
  address = {Vienna, Austria},
  year = {2017},
  url = {https://www.R-project.org/},
}

